@incollection{Dill08,
	author		= "Kevin Dill",
	booktitle	= "AI Game Programming Wisdom 4",
	editor		= "Steve Rabin",
	pages		= "229--238",
	publisher	= "Charles River Media",
	title		= "Embracing Declarative AI with a Goal-Based Approach",
	year		= "2008"
}

@incollection{Laming08,
	author		= "Brett Laming",
	booktitle	= "AI Game Programming Wisdom 4",
	editor		= "Steve Rabin",
	pages		= "239--255",
	publisher	= "Charles River Media",
	title		= "The MARPO Methodology: Planning and Orders",
	year		= "2008"
}

@incollection{Champandard08,
	author		= "Alex J. Champandard",
	booktitle	= "AI Game Programming Wisdom 4",
	editor		= "Steve Rabin",
	pages		= "257--264",
	publisher	= "Charles River Media",
	title		= "Getting Started with Decision Making and Control Systems",
	year		= "2008"
}

@incollection{Dill06,
	author		= "Kevin Dill",
	booktitle	= "AI Game Programming Wisdom 3",
	editor		= "Steve Rabin",
	pages		= "321--330",
	publisher	= "Charles River Media",
	title		= "Getting Started with Decision Making and Control Systems",
	year		= "2006"
}

@misc{EvolutionRTS10,
	author		= "Forboding Angel",
	title		= "How does the new armorclass system work?",
	url			= "http://www.evolutionrts.info/?p=446",
	year		= "2010",
	month		= "April",
}

@misc{EvolutionRTS,
	title		= "{Evolution RTS}",
	url			= "http://www.evolutionrts.info/",
	year		= "2010",
	month		= "May"
}

@misc{Spring,
	title		= "Spring Homepage", 
	url			= "http://springrts.com/",
	year		= "2010",
	month		= "May"
}

@misc{RAI10,
	title		= "{RAI} Source Code",
	url			= "http://springrts.com/wiki/AI:RAI",
	year		= "2010",
	month		= "May"
}